2259 3196
422 219 519 267 326
782 221 1206 260 OCTANDRIA
1276 216 1722 253 MONOGYNrA.

478 327 721 363 LAWSONIA
744 318 902 357 inermis
932 328 969 355 et
992 316 1155 368 spinosa
1187 313 1274 350 Lin.
1301 312 1438 349 eadem
1474 308 1620 361 species
1663 317 1770 344 certo
1791 336 1799 350 ,
1829 322 1911 359 quae
1941 308 2079 360 junior

421 387 579 426 inermis
599 416 606 429 ,
629 394 777 421 vetusta
792 395 887 420 vero
905 379 1092 432 spinescit
1111 376 1226 414 ramis
1246 372 1450 412 induratis.
1474 369 1710 420 Poutaletsje
1730 369 1850 405 Hort.
1871 370 2019 407 Malab.
2040 381 2076 416 4.

425 463 449 487 t.
475 448 539 495 57.
573 461 595 484 a
619 446 784 483 Linnaeo
809 443 922 480 allata
952 441 1001 479 ad
1033 453 1151 490 genus
1183 437 1289 475 aliud
1313 434 1511 487 pertinet3
1542 431 1631 469 huic
1659 431 1825 471 stamina
1854 441 2021 481 quatuor
2043 441 2079 468 et

423 511 571 549 corolla
603 505 870 558 monopetala.

478 655 657 690 FRUTEX
687 649 909 699 Ligustrum
934 643 1184 682 similitudine
1202 641 1393 681 referens,
1427 649 1446 675 2
1466 660 1519 665 ———
1540 648 1559 683 4
1579 645 1690 673 metr.
1709 665 1716 678 ‚
1750 644 1897 672 erectus
1911 665 1918 679 ‚
1949 649 2077 673 ramo-

422 716 591 753 sissimus
607 729 616 757 ς
640 712 754 750 ramis
769 708 993 762 patentibus
1012 737 1020 751 ‚
1045 703 1263 757 oppositis·7
1279 700 1426 739 cortice
1445 697 1702 749 griseo.Folia
1720 697 1853 746 glabra
1866 727 1873 741 ,
1889 697 2055 749 elliptica
2072 728 2079 741 ‚

423 776 610 829 opposita
626 806 634 819 ,
661 772 909 823 integerrima
930 800 939 815 7
965 767 1191 807 brevissime
1221 763 1411 816 petiolata
1430 792 1438 805 ‚
1462 760 1648 811 utrinque
1670 769 1872 797 attenuata
1888 790 1895 803 ,
1925 770 1947 806 9
1962 782 2017 787 ——
2035 770 2048 796 1
2063 771 2075 795 1

421 839 629 876 millimetr.
653 837 727 872 lata
748 864 756 877 ,
800 830 958 870 18——23
980 831 1112 878 longa.
1154 827 1285 864 Flores
1309 821 1512 861 numerosi
1534 853 1541 865 ‚
1575 820 1788 872 paniculati
1805 850 1813 863 ,
1846 821 2078 858 terminales.

422 902 549 953 Calyx-
574 899 785 951 persistens
806 927 814 940 ,
840 892 1151 946 quadripartitus
1171 905 1182 935 ς
1200 888 1350 927 laciniis
1366 885 1504 924 ovatis.
1522 883 1686 920 Corolla
1703 882 1790 919 alba
1804 912 1811 926 ‚
1832 882 2079 933 tetrapetala3

421 963 557 1015 petalis
580 960 762 1001 alternis,
796 956 1036 1011 patentibus.
1066 953 1239 991 Stamina
1263 953 1282 989 8
1307 981 1315 994 ‚
1351 946 1503 987 corolla
1538 944 1663 996 duplo
1698 943 1907 993 longiora,
1942 957 2077 995 recep-

423 1024 553 1061 taculo
579 1022 741 1063 inserta,
765 1031 836 1070 per
856 1016 966 1068 paria
986 1013 1274 1066 approximata.
1297 1010 1429 1062 Stylus
1454 1020 1466 1044 1
1491 1038 1498 1050 ,
1521 1016 1671 1043 acutus.
1694 1005 1871 1056 Capsula
1894 1005 2081 1047 rotunda,

422 1084 499 1121 Pisi
542 1079 809 1132 magnitudine
845 1108 853 1121 ‚
889 1073 1212 1128 quadrilocularis
1247 1103 1254 1116 ‚
1284 1069 1544 1122 quadrivalvis
1572 1099 1579 1112 ‚
1618 1067 1887 1118 polysperma.
1926 1066 2082 1104 Semina

422 1160 568 1199 parva,
597 1141 832 1181 rufescentia
864 1171 872 1184 ,
915 1137 1123 1187 angulosa.
1160 1135 1289 1171 Floret
1314 1134 1473 1171 AEstate.
1505 1131 1611 1167 Loca
1642 1128 1805 1166 humida
1834 1139 1870 1166 et
1893 1128 2082 1166 umbrosa

421 1219 539 1246 amat.
576 1207 710 1243 Flores
733 1203 899 1241 odorem
917 1198 1183 1250 gravissimum
1210 1197 1284 1234 late
1314 1203 1515 1246 spargunt.

478 1320 557 1356 EST
583 1319 740 1370 Cyprus
758 1315 1028 1365 antiquorum.
1047 1311 1153 1348 Folia
1178 1309 1310 1361 primo
1336 1307 1442 1345 Vere
1464 1303 1657 1352 colligunt
1677 1300 1808 1339 Mauri
1827 1331 1834 1344 ‚
1858 1301 1936 1338 aeri
1953 1301 2080 1338 libero

424 1391 633 1433 exponunt
672 1390 709 1416 et
753 1377 941 1415 exsiccata
971 1383 1194 1411 conterunt.
1240 1369 1404 1408 Maximi
1438 1365 1530 1402 usus
1582 1374 1672 1401 sunt
1716 1376 1791 1415 pro
1831 1374 2081 1399 ornamento.

424 1443 542 1494 Aqua
560 1442 685 1480 diluta
708 1451 744 1477 et
762 1441 803 1476 in
821 1434 1106 1489 cataplasmatis
1127 1434 1299 1470 formam
1319 1441 1453 1482 parata
1469 1439 1505 1466 et
1523 1427 1706 1480 apposita
1723 1457 1730 1468 ,
1756 1426 1932 1476 quinque
1953 1425 2002 1462 ad
2019 1438 2083 1462 sex

421 1507 614 1543 horarum
637 1501 841 1539 intervallo
862 1529 870 1542 ‚
902 1497 1020 1536 cutim
1057 1496 1194 1533 colore
1232 1506 1376 1530 croceo
1405 1492 1561 1541 tingunt
1587 1489 1652 1540 qui
1694 1501 1764 1539 per
1795 1488 1897 1524 duos
1931 1487 2083 1524 circiter

424 1580 575 1605 menses
602 1566 729 1602 durat.
757 1561 941 1599 Mulieres
964 1558 1115 1596 ultimas
1143 1557 1292 1608 pedum
1317 1565 1354 1592 et
1385 1567 1576 1591 manuum
1598 1551 1813 1603 phalanges
1838 1550 1981 1587 eodem
1999 1549 2087 1586 arti-

425 1630 514 1667 ficio
537 1630 670 1665 fucant
691 1658 698 1670 ‚
728 1639 799 1662 nec
823 1622 1023 1660 abstinent
1045 1620 1118 1656 nisi
1142 1617 1288 1655 amissis
1313 1626 1439 1652 morte
1469 1613 1616 1651 maritis
1643 1623 1709 1649 aut
1726 1612 1967 1663 parentibus.
1984 1611 2083 1647 Tin-

426 1703 571 1742 guntur
587 1690 755 1726 infantes
779 1686 827 1722 ab
849 1694 939 1721 ortu
960 1694 1080 1732 usque
1099 1679 1148 1716 ad
1172 1691 1328 1715 nonum
1345 1677 1406 1714 vel
1429 1676 1627 1713 decimum
1645 1674 1764 1711 aetatis
1783 1687 1945 1710 annum.
1963 1672 2087 1708 Color

424 1753 622 1803 unguibus
660 1761 697 1787 et
726 1748 803 1786 cuti
826 1747 876 1783 ita
914 1744 1068 1781 fortiter
1100 1742 1264 1779 inhaeret
1294 1751 1335 1777 ut
1373 1738 1488 1776 etiarn
1525 1737 1566 1773 in
1610 1735 1766 1772 momiis
1806 1733 2083 1784 antiquissimis

426 1829 513 1852 non
544 1827 633 1850 raro
667 1820 853 1848 servetur.
886 1807 1058 1843 Dorsum
1092 1834 1100 1847 ,
1145 1804 1270 1839 crines
1295 1831 1304 1846 ‚
1340 1813 1453 1837 crura
1497 1810 1710 1849 aequorum
1751 1795 1943 1832 inficiunt.
1977 1795 2085 1833 Folia

426 1877 466 1913 in
500 1875 622 1927 plagis
652 1870 873 1910 recentibus
897 1868 1114 1919 imponunt
1143 1875 1184 1902 ut
1209 1862 1499 1913 agglutinentur
1524 1891 1532 1904 ,
1566 1860 1607 1896 in
1635 1857 1854 1896 tumoribus
1886 1867 1927 1894 ut
1958 1856 2082 1894 resol-

426 1948 580 1975 vantur.

483 2050 691 2085 COLlTUR
721 2046 877 2096 Cyprus
911 2041 951 2078 in
983 2039 1105 2077 hortis
1138 2050 1209 2090 per
1243 2045 1365 2073 totam
1401 2033 1629 2072 Barbariam
1660 2043 1696 2070 et
1732 2030 1948 2084 praesertim
1985 2029 2084 2067 circa

428 2111 544 2148 urbes
575 2109 815 2156 Moustagan
838 2115 874 2142 et
893 2100 1177 2151 Moustaganin
1206 2099 1246 2136 in
1271 2111 1395 2148 regno
1420 2095 1656 2146 Algeriensi.
1706 2094 1742 2131 1ss

1000 2267 1522 2319 CHLORA.

494 2467 660 2506 CALYX
679 2474 782 2503 octo
807 2463 861 2503 ad
885 2458 1330 2514 duodecimpartitus.
1354 2457 1539 2497 Corolla
1563 2467 1718 2511 patens
1734 2489 1742 2502 „
1771 2465 1875 2495 octo
1899 2453 1954 2494 ad
1977 2452 2086 2491 duo-

431 2532 751 2588 decimpartita.
791 2531 987 2584 Capsula
1020 2541 1202 2583 supera7
1224 2526 1405 2567 bivalvis
1426 2559 1435 2573 7
1462 2525 1748 2580 polysperma
1770 2541 1778 2571 ;
1816 2520 1946 2563 valvis
1971 2519 2086 2559 intus

431 2603 618 2644 reflexis.
