2259 3196
411 271 451 311 iv
944 267 1521 310 PRAEFATIO.

413 384 565 413 notatu
602 373 900 427 dignissimum
934 373 1057 427 quod
1087 373 1203 413 venti
1233 371 1594 427 septentrionales
1628 368 1803 409 nimbos
1838 371 2058 424 agglome-

416 458 511 486 rant
527 480 535 494 ,
554 448 657 486 (lum
678 448 882 486 australes
907 460 928 486 e
951 458 1105 487 contra
1128 459 1202 487 eos
1226 446 1464 500 dispellunt
1489 456 1531 485 et
1553 443 1794 483 resolvunt.
1817 444 1856 483 A
1878 444 2060 484 Floreali

414 533 561 560 mense
584 533 722 573 usque
745 521 798 560 ad
821 521 1070 561 Brumalem
1096 521 1258 559 coelum
1283 530 1533 559 constanter
1561 531 1765 557 serenum
1791 527 1832 556 et
1855 517 2058 557 nitidum.

416 592 812 633 Therinometrum
846 606 987 634 aestate
1018 609 1041 634 a
1072 596 1126 634 26
1158 593 1362 648 gradibus
1392 606 1531 645 usque
1562 591 1617 630 ad
1646 591 1702 630 32
1734 589 1927 629 ascendit
1946 623 1954 635 7
1987 591 2060 629 sed

417 667 584 706 calores
622 667 757 706 ventis
791 668 907 707 circa
939 667 1094 708 horam
1127 682 1292 707 nonam
1326 666 1546 707 matutinis
1580 679 1602 705 e
1637 678 1755 704 mare
1798 662 2062 717 spirantibus

414 741 732 794 nocturnisque
758 742 930 782 roribus
955 753 1272 796 temperantur.

478 834 529 872 ΙΝ
556 826 677 887 parte
700 845 844 874 autem
870 833 1174 880 meridionali,
1193 843 1307 873 trans
1326 832 1546 872 Atlantem
1571 829 1666 877 sita,
1685 843 1858 870 summe
1883 827 2066 869 arenosa

417 918 457 946 et
485 907 700 946 ralissinle
730 907 945 947 imbribus
973 906 1172 960 irrigata,
1197 916 1338 945 aestate
1368 905 1532 943 coelum
1564 904 1721 943 ardens
1756 916 1796 943 et
1829 903 2064 943 torridum.

414 980 583 1019 Domos
611 980 768 1018 incolae
801 980 1006 1018 deserunt
1029 990 1069 1018 et
1093 980 1173 1019 sub
1197 978 1357 1018 umbra
1380 977 1679 1016 Palmetorum
1704 977 1868 1016 vivunt.
1908 978 1956 1015 In
1979 988 2066 1016 tam

415 1055 510 1094 dira
538 1055 717 1107 regione
739 1054 913 1093 nonnisi
937 1054 990 1092 de
1014 1064 1145 1092 nocte
1171 1052 1470 1106 suscipiuntur
1491 1051 1672 1098 itinera;
1699 1064 1814 1104 saepe
1833 1063 2067 1089 arenarum

414 1125 784 1166 inflammatarum
816 1125 956 1165 nimbi
987 1126 1212 1165 elevantur
1235 1125 1309 1179 qui
1332 1125 1517 1164 viatores
1541 1123 1684 1163 subito
1708 1123 1892 1176 gradum
1916 1122 2064 1161 sistere

416 1212 580 1253 cogunt
598 1233 606 1246 ,
631 1201 749 1253 iique
781 1198 987 1239 suffocari
1016 1210 1089 1238 aut
1117 1199 1247 1238 etiarn
1267 1198 1407 1237 arenis
1432 1198 1547 1236 circa
1570 1197 1757 1236 tentoria
1779 1197 1823 1235 in
1846 1197 2066 1235 tumulum

417 1274 588 1312 elevatis
620 1274 796 1327 sepeliri
829 1287 1002 1313 summo
1026 1273 1070 1312 in
1097 1272 1301 1327 periculo
1326 1281 1554 1311 versantur
1572 1303 1580 1318 ,
1608 1270 1641 1309 si
1664 1269 1776 1311 intra
1799 1269 1932 1310 breve
1957 1281 2066 1309 tem-

417 1347 539 1401 poris
569 1347 847 1386 intervallum
884 1347 999 1387 venti
1025 1360 1116 1386 non
1145 1346 1382 1386 remittant.

478 1432 531 1470 IN
561 1431 779 1471 Barbariae
803 1432 936 1485 plagis
964 1432 1380 1484 septentrionalibus
1405 1433 1610 1470 coluntur
1630 1431 1852 1470 Triticum
1881 1430 2043 1469 durum
2060 1464 2069 1476 Ἴ

416 1518 552 1559 grano
573 1519 738 1545 corneo
760 1520 839 1545 nec
861 1505 1081 1544 farinaceo
1100 1538 1109 1550 ἦ
1135 1503 1253 1558 spica
1269 1503 1419 1543 villosa
1439 1538 1447 1550 Ἴ
1471 1505 1620 1544 culmo
1641 1504 1780 1544 farcto
1800 1504 2071 1550 distinctum,

417 1580 649 1619 Hordeum
680 1580 857 1633 vulgare
885 1579 1016 1632 Equis
1052 1578 1217 1618 alendis
1247 1592 1331 1631 pro
1363 1592 1497 1617 avena
1528 1577 1766 1616 inserviens
1788 1610 1796 1623 ,
1823 1578 1904 1615 Zea
1937 1578 2044 1616 mais
2063 1610 2072 1624 ‚

418 1653 586 1692 Holcus
610 1651 819 1705 sorghum
839 1685 847 1698 ⁷
869 1652 1036 1691 Holcus
1058 1650 1331 1692 saccharatus
1350 1684 1358 1697 Ἰ
1384 1651 1515 1690 Oriza
1536 1650 1666 1689 sativa
1687 1650 1731 1689 in
1749 1649 1930 1689 terrenis
1953 1650 2075 1689 inun-

420 1726 526 1766 datis
554 1759 563 1772 7
600 1726 830 1764 Nicotiana
875 1726 1035 1764 rustica
1061 1758 1069 1771 7
1110 1724 1343 1764 Nicotiana
1387 1723 1592 1764 tabacum
1624 1757 1632 1769 ‚
1672 1724 1792 1762 Oleae
1836 1723 2038 1776 plurimce
2062 1757 2070 1769 ,

420 1800 635 1839 Aurantia
670 1798 969 1852 pulcherrima
989 1831 997 1844 ,
1034 1798 1156 1836 Ficus
1175 1829 1183 1842 7
1218 1796 1389 1835 Punicae
1410 1829 1418 1842 7
1452 1795 1681 1849 Amygdali
1703 1828 1711 1841 Ἴ
1741 1795 1859 1834 Vites
1879 1828 1887 1841 Ἴ
1915 1796 2070 1843 Pruni7

423 1872 696 1913 Armeniacae
710 1906 718 1920 ,
742 1872 953 1918 Pistacice7
976 1869 1149 1924 Zizyphi
1164 1903 1172 1915 ,
1192 1869 1391 1908 Melones
1412 1868 1455 1907 in
1473 1868 1652 1921 regione
1674 1868 1813 1907 calida
1831 1878 1871 1907 et
1889 1882 2075 1909 arenosa

422 1945 659 1986 suavissimi
685 1979 693 1991 ,
739 1945 913 1984 Citrulli
956 1942 1199 1983 benemulti
1242 1954 1414 1980 summe
1456 1941 1609 1994 aquosi
1652 1951 1693 1980 et
1737 1940 2038 1994 refrigerantes
2064 1976 2073 1990 ‚

424 2020 595 2058 Crocus
630 2031 812 2063 vernus,
844 2018 999 2056 Morus
1030 2015 1127 2055 alba
1164 2028 1247 2068 pro
1284 2014 1584 2068 Bombycibus
1608 2014 1770 2054 alendis
1790 2047 1798 2060 ,
1826 2015 2075 2068 Indigofera

424 2095 574 2147 glauca
617 2092 815 2131 tincturis
855 2091 1088 2130 inserviens
1112 2123 1120 2135 „
1157 2088 1425 2142 Gossypium
1465 2088 1733 2128 herbaceum
1760 2121 1769 2134 7
1810 2087 2075 2127 Saccharum

426 2166 640 2206 officinale
672 2167 715 2205 in
745 2165 905 2212 hortis7
934 2163 1138 2204 Hibiscus
1162 2163 1411 2203 esculentus
1444 2173 1483 2201 et
1514 2163 1725 2216 pleraque
1750 2160 1930 2200 demum
1955 2162 2077 2201 olera

424 2239 650 2294 Europcea.

489 2326 748 2363 TRITICUM
787 2334 830 2361 et
863 2323 1095 2362 Hordeum
1134 2332 1372 2362 conserunt
1395 2322 1657 2369 Autumno;
1697 2321 1964 2375 colliguntur
1996 2320 2076 2360 sub

428 2398 563 2436 finem
604 2396 761 2434 mensis
792 2396 1012 2436 Florealis.
1066 2395 1211 2435 Primo
1246 2397 1360 2435 Vere
1398 2407 1601 2435 seruntur
1636 2396 1746 2435 Mais
1782 2406 1824 2434 et
1858 2393 2074 2447 Sorghum

428 2470 504 2524 qui
523 2470 681 2509 sEstate
712 2469 1028 2507 demetiuntur.

494 2556 694 2595 CULMOS
726 2554 895 2594 Hordei
918 2565 958 2593 et
979 2554 1134 2594 Tritici
1158 2567 1346 2607 superne
1370 2565 1589 2602 resecant7
1617 2568 1748 2609 grana
1767 2553 2075 2592 conculcando

431 2629 629 2669 eximunt
644 2662 652 2677 ,
672 2630 740 2669 vel
762 2642 894 2683 supra
917 2626 1131 2669 trahendo
1155 2627 1347 2668 tabulam
1364 2627 1513 2669 subtus
1532 2628 1660 2669 clavis
1679 2637 1721 2667 et
1737 2625 1908 2666 laminis
1927 2624 2076 2665 ferreis
