2259 3196
433 403 1663 510 PRAEFATIO.

220 606 426 699 ANNO
471 661 582 714 1783
619 662 849 703 consilium
884 677 1164 720 susceperam
1203 682 1299 708 oras
1324 668 1487 710 Africae
1521 675 1871 725 septentrionalis

218 746 313 784 quae
346 746 462 771 nunc
493 734 699 774 Barbaria
736 737 822 776 dici
854 739 998 779 solent
1032 743 1293 795 peragrandi
1322 756 1406 797 pro
1440 744 1642 787 Historiae
1665 751 1871 790 naturalis

220 815 261 842 et
294 805 536 858 praesertim
566 807 795 848 Botanices
830 809 1124 854 incremento.

278 904 496 943 LITTERIS
530 916 572 944 et
607 906 986 949 exhortationibus
1017 911 1132 951 Civis
1164 914 1329 954 KERCY
1356 916 1558 956 Consulis
1578 919 1866 973 Algeriensis⁷

216 977 345 1016 amici
372 992 395 1017 a
419 980 578 1018 teneris
606 982 727 1021 annis
759 983 1026 1023 dilectissimi
1045 1019 1053 1031 7
1083 987 1159 1039 qui
1183 988 1368 1028 domum
1391 1001 1432 1029 et
1456 991 1643 1033 diversas
1669 1009 1868 1036 commo-

215 1051 365 1090 ditates
402 1051 614 1092 offerebat
652 1054 825 1095 innixus
851 1089 859 1102 7
898 1057 1162 1098 desiderium
1203 1074 1293 1113 quo
1335 1062 1618 1105 vehementer
1656 1068 1865 1109 ardebam

211 1122 460 1163 Academias
495 1126 785 1167 Scientiarum
821 1132 1170 1180 communicavi,
1212 1148 1308 1188 quse
1336 1134 1525 1189 benigne
1553 1140 1726 1193 excepit
1751 1143 1861 1182 litte-

211 1209 365 1250 rasque
391 1200 768 1240 commendatitias
795 1214 836 1242 et
860 1203 1129 1256 stipendium
1156 1208 1283 1246 etiam
1311 1208 1498 1249 libenter
1525 1211 1711 1259 obtulit7
1737 1215 1792 1253 ita
1819 1226 1865 1256 ut

211 1269 291 1309 sub
321 1272 520 1326 auspiciis
558 1274 783 1314 Societatis
822 1275 1123 1317 celeberrimae
1163 1279 1244 1318 iter
1277 1281 1499 1334 suscipere
1536 1284 1684 1323 datum
1720 1285 1863 1328 fuerit.

212 1342 443 1383 Massiliam
476 1347 675 1386 celeriter
708 1348 842 1401 petivi
877 1360 918 1389 et
951 1362 1107 1391 octavo
1144 1352 1212 1392 die
1247 1368 1270 1392 a
1306 1353 1463 1407 portus
1502 1357 1725 1406 discessu7
1751 1361 1866 1402 auris

210 1414 450 1458 faventibus
471 1452 479 1465 Ἴ
506 1420 672 1460 Tuneti
696 1432 736 1461 et
757 1422 946 1476 antiqua?
971 1424 1243 1479 Carthaginis
1266 1428 1414 1467 littora
1437 1430 1733 1471 salutavimus.

269 1514 321 1552 IN
346 1516 550 1556 Barbaria
569 1518 680 1558 duos
701 1533 838 1559 annos
861 1534 901 1561 et
921 1523 1036 1562 ultra
1056 1534 1359 1564 commoratus
1379 1538 1562 1577 regnum
1578 1527 1864 1571 Tunetanum

208 1597 248 1625 et
262 1587 559 1641 Algeriensem
575 1623 583 1635 „
602 1604 692 1629 non
711 1591 802 1630 sine
822 1593 1031 1633 molestiis
1052 1606 1197 1634 tamen
1217 1608 1258 1635 et
1274 1595 1601 1641 difficultatibus
1618 1604 1663 1642 in
1683 1619 1863 1646 omnem

206 1659 298 1698 fere
338 1674 507 1714 partem
550 1664 808 1716 perlustravi
832 1699 840 1712 ,
883 1667 1136 1708 ditissimam
1174 1670 1424 1711 Plantarum
1460 1688 1646 1716 messem
1680 1680 1858 1734 collegi7

206 1747 394 1786 quarum
431 1736 579 1788 plures
614 1738 827 1792 Europece
861 1752 986 1787 sunt,
1019 1741 1111 1781 aliae
1146 1743 1333 1782 rariores
1369 1756 1411 1784 et
1446 1757 1651 1788 trecentae
1687 1751 1862 1793 circiter

208 1820 347 1846 novae.
384 1810 468 1847 Has
500 1823 653 1850 omnes
686 1824 786 1850 cum
818 1812 1174 1855 adnotationibus
1202 1818 1395 1871 propriis
1423 1822 1684 1875 evulgandas
1713 1838 1860 1879 operae

207 1881 396 1933 pretium
420 1883 539 1922 duxi.

266 1982 482 2022 REGNUM
512 1984 797 2025 Tunetanum
826 1986 939 2026 inter
964 1985 1296 2040 Tripolitanum
1333 2001 1373 2030 et
1404 1990 1658 2044 Algeriense
1695 1995 1823 2035 situm
1847 2030 1855 2043 ,

203 2054 358 2110 incipit
383 2057 426 2096 in
449 2058 617 2098 oriente
645 2059 698 2098 ab
726 2060 865 2099 insula
883 2059 1022 2098 Gerbi
1051 2072 1091 2100 et
1119 2075 1265 2101 versus
1300 2064 1576 2104 occidentem
1609 2068 1662 2106 ad
1690 2067 1857 2108 fiumen

203 2129 329 2168 Zaine
352 2144 496 2184 prope
514 2132 752 2187 Tabarque
776 2134 944 2174 desinit.
986 2135 1233 2187 Longitudo
1261 2137 1441 2190 60—70
1463 2140 1851 2182 miriametrorum.

202 2201 396 2255 Regnum
419 2205 674 2258 Algeriense
706 2208 843 2259 duplo
874 2208 1048 2246 circiter
1074 2209 1272 2261 longius,
1298 2224 1320 2248 a
1350 2211 1563 2263 praedicto
1592 2212 1771 2253 flumine
1800 2215 1854 2254 ad

204 2274 477 2315 occidentem
513 2279 653 2330 pergit
686 2291 824 2331 usque
860 2279 914 2317 ad
949 2291 1120 2319 montes
1154 2281 1293 2321 Trara
1315 2316 1323 2330 ,
1360 2284 1520 2337 quibus
1553 2300 1575 2324 a
1609 2288 1853 2327 Marocano

203 2346 435 2394 dividitur7
466 2350 691 2404 utriusque
727 2352 780 2391 ad
816 2352 1044 2392 meridiem
1081 2355 1302 2394 desertum
1340 2356 1497 2396 Sahara
1532 2358 1699 2398 dictum
1735 2372 1775 2400 et
1808 2362 1852 2400 in

203 2420 501 2472 septentrione
528 2436 647 2462 mare
672 2424 1049 2465 Mediterraneum
1073 2427 1229 2466 limites
1254 2439 1441 2481 ponunt.

264 2521 398 2560 PARS
430 2523 549 2575 regni
571 2524 792 2564 Tunetani
821 2540 915 2579 quae
943 2538 1138 2567 austrum
1165 2542 1312 2569 versus
1341 2532 1623 2584 protenditur
1645 2547 1845 2581 arenosa7

201 2593 271 2631 vix
295 2605 497 2634 montosa
521 2607 562 2635 et
585 2598 677 2637 sole
707 2599 1012 2641 ardentissimo
1045 2603 1257 2642 exsiccata
1292 2617 1449 2657 parum
1481 2606 1602 2646 ferax
1628 2624 1636 2655 ;
1670 2623 1718 2648 ea
1752 2622 1849 2661 quse

393 2676 410 2702 1

1615 2708 1634 2727 ÷÷
