2259 3196
658 276 1189 313 EXPLICATIO

678 373 906 410 Tab.206.

394 472 404 490 1
423 459 504 491 Flos.
535 470 549 491 2
570 458 669 501 Calyx
686 471 758 490 cum
776 460 981 493 staminibus.
1008 462 1024 491 3
1045 462 1190 494 Corolia.

435 523 453 551 4
471 513 645 544 Pistillum.
691 516 706 544 5
725 514 907 545 Staminum
953 515 1052 550 tubus
1093 517 1189 549 fissus.

387 262 510 327 xviij

432 569 449 597 6
465 569 635 610 Legumen
665 578 825 611 apertum.
853 580 866 608 7
887 569 1013 601 Semen.

676 658 778 696 Tab.
814 670 905 697 210.

392 756 402 774 1
420 745 530 787 Calyx.
560 756 574 777 2
594 745 738 778 Corolla.
759 747 775 777 3
791 750 968 790 Legumen.
991 758 1009 788 4
1022 751 1188 792 Legumcn

426 810 577 843 apertum
594 803 714 833 semina
732 802 872 834 exhibet.

667 887 770 924 Tab.
804 898 896 925 212.

387 983 398 1002 1
419 972 533 1016 Calyx.
563 985 576 1006 2
596 975 740 1006 Corolla.
768 975 783 1004 3
801 976 943 1006 Stamina
960 986 1033 1006 cum
1050 976 1184 1017 pistillo.

424 1038 443 1066 4
457 1029 623 1060 Pistillum.
648 1033 663 1060 5
679 1032 858 1071 Legumen.
880 1032 898 1060 6
910 1032 1078 1073 Legumen
1094 1043 1184 1074 aper-

423 1087 503 1111 tum.
540 1091 552 1118 7
571 1081 711 1113 Semina.

664 1153 769 1191 Tab.
804 1155 896 1194 213.

383 1252 394 1271 1
410 1240 522 1281 Ligula
537 1252 610 1271 cum
626 1244 818 1277 staminibus
834 1253 864 1275 et
880 1244 1014 1286 pistillo.
1035 1255 1048 1277 2
1064 1245 1182 1278 Semen

423 1307 496 1326 cum
517 1308 639 1339 pappo.

663 1373 765 1410 Tab.
800 1384 891 1420 214.

378 1469 391 1487 a
407 1459 518 1500 Ligula
548 1471 619 1490 cum
645 1461 768 1502 pistillo
792 1462 982 1495 staminibus
1003 1472 1034 1495 et
1054 1475 1178 1506 pappo-

422 1521 436 1542 2
451 1512 622 1543 Pistillum.
654 1514 670 1542 3
686 1513 814 1545 Semen.

661 1598 765 1636 Tab.
800 1597 892 1637 215.

381 1694 391 1712 1
424 1684 526 1727 Calyx
562 1687 875 1727 perpendiculariter
912 1696 1019 1720 sectus
1058 1691 1178 1721 semina

418 1738 521 1771 offert.
549 1751 563 1771 2
580 1742 709 1773 Semen.

663 1816 766 1854 Tab.
802 1818 892 1855 216.

377 1914 389 1934 1
401 1902 642 1935 Semiflosculus
656 1916 726 1935 cum
742 1907 887 1946 germine
904 1915 936 1937 et
949 1918 1071 1950 pappo.
1099 1920 1113 1939 2
1127 1911 1178 1941 Se·

414 1958 612 1990 miflosculus
633 1970 750 1991 auctus.
777 1961 793 1989 3
819 1962 989 1993 Pistillum.
1027 1974 1045 2002 4
1075 1965 1176 2007 Calyx

413 2025 483 2045 cum
497 2015 597 2056 paleis
611 2016 812 2057 receptaculi.
830 2019 844 2047 5
855 2017 971 2048 Semen
986 2029 1058 2050 cum
1071 2021 1174 2062 palea.

651 2106 753 2144 Tab.
788 2118 878 2153 217.

373 2203 381 2220 1
400 2191 650 2225 Semissosculus.
665 2206 678 2225 2
691 2195 806 2227 Semen
818 2197 955 2238 paleolis
967 2208 1170 2232 coronatum.

409 2247 425 2275 3
442 2248 580 2288 Squama
606 2249 760 2291 calycina.
787 2261 804 2290 4
819 2252 922 2295 Calyx
941 2263 1053 2295 patens
1074 2256 1171 2288 villos

409 2304 602 2344 receptaculi
629 2304 730 2335 offert.

652 2388 754 2425 Tab.
790 2389 882 2428 218.

366 2480 375 2498 1
396 2469 566 2499 Flosculus
585 2481 656 2500 cum
670 2482 801 2513 squama
816 2485 947 2515 germen
963 2475 1164 2509 involvente.

405 2534 419 2555 2
432 2525 586 2555 Stamina.
606 2526 634 2555 3.
645 2528 789 2558 Germen
801 2540 872 2559 curn
885 2541 994 2571 pappo
1009 2531 1162 2564 bisetoso.

403 2588 421 2617 4
439 2580 557 2610 Semen
580 2581 701 2623 absque
725 2595 847 2626 pappo.
879 2586 894 2615 5
910 2585 1162 2628 Receptaculum

403 2633 510 2676 calyce
526 2635 680 2668 cinctum.

1284 278 1822 319 TABULARUM.

1574 378 1803 428 Tab.219.

1284 470 1295 490 1
1313 459 1479 492 Flosculus
1505 472 1579 493 curn
1601 463 1736 504 pistillo.
1767 474 1781 498 2
1799 463 1965 496 Flosculus
1980 464 2083 506 longi-

1323 516 1512 548 tudinaliter
1524 517 1610 549 fissus
1623 520 1758 550 stamina
1769 526 1800 550 et
1812 519 1930 561 stylum
1941 519 2079 551 exhibet.

1324 569 1340 598 3
1355 570 1525 602 Pistillum.

1565 640 1669 679 Tab.
1704 653 1795 680 220.

1281 733 1292 752 1
1313 721 1482 755 Flosculus
1504 734 1578 755 curn
1599 725 1744 766 germine
1770 732 1801 755 et
1819 735 1939 767 pappo.

1565 808 1667 846 Tab.
1700 820 1792 848 221.

1280 899 1290 918 1
1311 888 1450 930 Squama
1478 890 1598 932 calycis
1622 893 1768 922 exterior.
1799 902 1813 921 2
1832 892 1971 933 Squama
1995 892 2079 924 inte·

1318 944 1394 974 rior.
1425 944 1441 972 3
1459 943 1626 975 Flosculus
1645 956 1717 975 curn
1735 946 1880 987 germine
1902 955 1933 977 et
1955 958 2078 988 pappo.

1318 1007 1337 1035 4
1353 997 1516 1029 Flosculus
1533 998 1814 1040 longitudinaliter
1836 998 1923 1031 fissus
1945 1001 2080 1031 stamina

1318 1052 1462 1084 exhibet.
1492 1055 1507 1083 5
1524 1053 1646 1085 Semen
1662 1065 1734 1084 cum
1750 1065 1863 1097 pappo
1879 1063 1910 1086 et
1926 1055 2020 1097 stylo.

1558 1137 1662 1175 Tab.
1696 1148 1789 1177 222.

1276 1222 1287 1241 1
1302 1212 1471 1244 Flosculus
1496 1224 1571 1244 cum
1592 1214 1736 1254 germine
1753 1222 1785 1245 et
1802 1225 1926 1257 pappo.
1952 1225 1966 1245 2
1985 1215 2075 1246 Flos—

1292 1272 1295 1274 ’
1316 1267 1407 1298 culus
1423 1267 1710 1309 longitudinaliter
1734 1269 1822 1300 fissus
1838 1270 1971 1300 stamina
1987 1270 2075 1301 exhi-

1316 1322 1404 1354 bens.
1433 1323 1449 1353 3
1468 1323 1639 1355 Pistillum.
1672 1325 1687 1354 5
1705 1325 1823 1356 Semen
1839 1336 1913 1356 curn
1930 1336 2052 1366 pappo.

1561 1407 1665 1445 Tab.
1693 1419 1712 1446 2
1722 1407 1786 1446 23.

1272 1500 1283 1518 1
1304 1489 1466 1521 Flosculus
1488 1501 1563 1522 cum
1588 1492 1735 1534 germine
1760 1503 1871 1534 pappo
1899 1501 2071 1525 coronato.

1313 1555 1327 1575 2
1342 1546 1507 1576 Flosculus
1527 1546 1816 1588 longitudinaliter
1828 1547 1916 1578 fissus
1929 1548 2072 1579 ostendit

1313 1601 1456 1631 stamina.
1479 1600 1495 1629 3
1510 1600 1630 1633 Semen
1648 1612 1720 1631 curn
1737 1612 1860 1643 pappo.

1558 1685 1661 1722 Tab.
1694 1695 1786 1730 224.

1274 1772 1283 1790 1
1302 1759 1440 1802 Squama
1462 1761 1595 1793 interior
1623 1761 1736 1803 calycis
1765 1770 1928 1806 coronata.
1952 1774 1966 1795 2
1981 1763 2069 1796 Flos—

1308 1816 1397 1847 culus
1414 1828 1484 1847 cum
1503 1819 1647 1859 germine
1665 1826 1694 1848 et
1711 1829 1830 1860 pappo.

1555 1901 1658 1938 Tab.
1693 1899 1784 1939 225.

1272 1993 1284 2012 1
1312 1983 1448 2014 Folium.
1491 1994 1505 2014 2
1544 1985 1676 2015 Folium
1712 1984 1891 2027 calycinum
1921 1985 2068 2017 exterius.

1311 2038 1485 2080 3Squarna
1519 2039 1638 2082 calycis
1667 2040 1838 2071 interioris.
1878 2040 2069 2078 4Pistillum

1311 2103 1382 2122 curn
1408 2094 1551 2133 germine
1570 2101 1601 2124 et
1617 2105 1739 2136 pappo.
1770 2094 1966 2125 §Flosculus
1993 2095 2067 2125 lon-

1310 2147 1533 2189 gitudinalirer
1579 2148 1666 2179 fissus
1724 2150 1857 2180 stamina
1900 2149 2064 2182 exhibens.

1310 2204 1327 2232 ί)
1344 2202 1461 2234 Semen
1478 2215 1587 2245 pappo
1606 2212 1804 2235 coronatum.

1547 2288 1649 2325 Tab.
1685 2299 1776 2335 227.

1265 2382 1275 2400 1
1295 2370 1462 2401 Flosculus
1480 2381 1553 2402 cum
1571 2372 1728 2413 germine.
1751 2382 1764 2402 2
1783 2370 1949 2402 Flosculus
1964 2371 2062 2402 fissus.

1305 2425 1320 2454 3
1338 2426 1456 2456 Semen
1474 2437 1546 2456 cum
1564 2426 1644 2469 stylo
1665 2434 1695 2456 et
1712 2437 1822 2468 pappo
1839 2436 2024 2457 coronante.

1546 2510 1648 2548 Tab.
1683 2511 1774 2549 228.

1260 2604 1269 2622 1
1283 2592 1455 2624 Flosculus.
1485 2604 1498 2624 2
1513 2593 1679 2626 Flosculus
1699 2594 1788 2626 fissus
1807 2593 1939 2625 stamina
1953 2602 2058 2625 osten-

1297 2647 1354 2678 dit.
1383 2647 1399 2677 3
1416 2646 1583 2680 Pistillum.
