2259 3196
1496 233 1936 259 mmm
1942 241 2001 255 ¹5⁸³

736 358 1262 420 EMENDATIO
1311 368 1647 427 ALTERA

410 510 563 582 AD
631 518 1105 590 FLORAM
1168 526 1963 606 ATLANTICAM.

927 685 1199 727 VOLUMEN
1223 691 1449 732 PRIMUM.

381 787 466 829 Pac.
489 808 499 828 ι
521 805 550 829 et
566 805 720 841 sequentes
732 824 741 839 ‚
758 802 880 840 Schaw,
898 804 918 834 l.
931 805 1029 838 Shaw.

418 847 486 887 Pag.
508 849 543 885 5,
563 849 753 890 Mongorium
768 874 777 891 ‚
798 854 818 883 l.
835 855 1015 896 Mogorium.

418 897 487 938 Pag.
506 909 561 938 19,
576 899 625 929 lin.
643 902 675 938 5,
701 910 726 935 ts:
741 926 750 940 ‚
768 904 787 933 l.
803 907 848 938 Θ.

416 948 487 988 Pag.
503 951 540 979 30
552 957 581 980 et
595 959 768 992 sequentes,
786 955 881 985 Fuscli
893 979 902 994 ‚
920 956 938 986 l.
957 958 1063 989 Fuchs.

415 997 484 1039 Pag.
498 1001 551 1038 42,
565 1002 683 1043 Cypero
696 1002 864 1044 junciformi
873 1030 881 1043 ‚
894 1008 979 1037 adde
988 1020 1052 1051 syn.
1065 1012 1223 1052 sequentia.
1245 1013 1381 1055 Cyperus
1394 1015 1558 1059 distachyos
1569 1018 1677 1051 Allion.
1686 1021 1772 1052 Auct.
1783 1023 1822 1060 48
1831 1046 1841 1060 ,
1852 1029 1870 1053 t.
1881 1033 1897 1053 2
1906 1047 1914 1061 ‚
1928 1024 1972 1055 s.5
1979 1048 1988 1062 ,

374 1049 476 1079 eadem
484 1052 594 1091 species
603 1063 639 1083 ex
645 1055 854 1094 speciminibus
862 1058 898 1088 ad
906 1069 953 1089 me
965 1060 1001 1089 ab
1012 1061 1074 1102 ipso
1086 1069 1187 1092 autore
1198 1063 1299 1094 missis.
1311 1067 1447 1106 Cyperus
1456 1067 1581 1099 lateralis
1591 1072 1753 1103 Fonsmnn
1765 1074 1809 1103 Fl.
1817 1075 1937 1115 AEgypt-
1954 1078 1988 1106 15

373 1099 460 1129 etiam
473 1101 575 1131 eadem
590 1110 622 1132 ut
634 1112 747 1135 constat
763 1108 949 1149 exemplariis
966 1110 1095 1142 herbarii
1113 1113 1253 1144 Forskalii
1271 1115 1306 1144 ad
1320 1126 1367 1145 nie
1383 1128 1397 1146 a
1409 1118 1517 1148 Vahlio
1533 1121 1674 1151 mandatis
1689 1129 1719 1151 et
1735 1123 1796 1153 aliis
1809 1134 1844 1153 ex
1858 1125 1988 1165 AEgypto

372 1147 463 1179 allatis
478 1161 493 1180 a
508 1153 545 1182 D.
563 1153 680 1185 Delille.
700 1157 835 1198 Cyperus
850 1158 1035 1200 junciformis
1051 1163 1142 1195 variat
1155 1165 1333 1206 spicularum
1351 1178 1493 1207 numem,
1512 1171 1631 1212 spiculis
1648 1173 1781 1214 pallidis,
1797 1175 1943 1206 subfuscis
1958 1183 1988 1206 et

372 1199 468 1230 fuscis.

412 1251 480 1291 Pag.
493 1253 532 1290 44
541 1276 551 1290 ,
559 1253 608 1284 lin.
623 1265 639 1285 2
648 1278 658 1293 ‚
668 1256 810 1287 deleatur
821 1269 884 1301 syn.
893 1261 1051 1293 Camerarii
1064 1275 1120 1305 pro
1133 1266 1253 1308 Cypero
1264 1269 1414 1301 esculento
1422 1270 1540 1302 allatum
1548 1296 1557 1310 ‚
1568 1273 1711 1304 deleatur
1720 1276 1816 1306 eciam
1827 1277 1986 1319 descriptio

372 1306 401 1329 et
414 1310 586 1342 sequentem
599 1307 714 1345 subjice
724 1320 734 1336 :
758 1320 778 1340 ιι
788 1311 911 1342 Radices
924 1314 1037 1345 fibi-osae
1047 1339 1056 1353 ‚
1075 1323 1195 1356 tenues,
1214 1321 1402 1361 fasciculatae,
1416 1334 1579 1354 numerosae
1597 1336 1614 1355 e
1630 1337 1753 1367 quarum
1768 1328 1899 1368 apicibus
1912 1340 1986 1360 exo-

370 1360 391 1380 »
414 1351 532 1383 riuntur
547 1355 650 1386 tubera
665 1365 747 1389 ovata
761 1367 811 1390 aut
822 1362 1020 1404 subrotunda,
1035 1367 1115 1398 zonis
1130 1371 1300 1401 transversis
1311 1372 1480 1413 intersecta,
1498 1375 1677 1416 saccharata,
1694 1378 1840 1410 castaneae
1851 1390 1986 1421 saporem

370 1410 391 1431 >9
413 1413 472 1434 non
488 1406 563 1437 male
576 1409 734 1441 referentia
752 1418 782 1443 et
800 1412 905 1445 edulia.
917 1425 939 1446 θ’

924 1516 1140 1556 cunnus
1170 1532 1435 1560 normanus.

406 1611 541 1652 cyperus
549 1615 802 1656 culm0⁷trlquetr0
810 1645 818 1651 .
827 1623 979 1654 sulmmln:
992 1627 1119 1652 umbella
1130 1628 1344 1663 demumst-mita)
1357 1632 1444 1665 epi-«ie
1455 1633 1574 1660 alterni<
1583 1658 1590 1665 ‚
1602 1635 1761 1662 linear-ihu·
1769 1636 1835 1664 [ικ-
1843 1648 1921 1674 Spoc.
1933 1639 1981 1676 (27.

405 1661 542 1701 cyperus
554 1663 699 1693 rotundus
712 1665 826 1694 Camer.
839 1666 918 1706 Epit.
935 1677 969 1695 10
980 1690 990 1704 ‚
1009 1667 1044 1697 ic.
1057 1669 1142 1700 bona.

402 1711 525 1741 Radices
540 1719 693 1751 tortuosae,
709 1722 846 1755 repentes
857 1739 866 1753 ‚
886 1716 955 1746 hinc
974 1724 1003 1746 et
1018 1718 1088 1748 inde
1102 1720 1298 1752 incrassantur
1313 1723 1342 1753 in
1359 1725 1462 1755 tubera
1479 1727 1627 1769 inaequalia
1640 1753 1649 1766 ‚
1670 1730 1797 1772 oblonga
1808 1756 1817 1770 ,
1839 1734 1981 1766 radiculas

364 1760 493 1801 undique
507 1763 678 1794 emittentia.
702 1765 825 1794 Culmus
838 1766 934 1804 laevis,
952 1768 1116 1809 triqueter,
1138 1773 1295 1813 aphyllus,
1315 1782 1452 1813 erectus,
1476 1779 1533 1808 5-6
1559 1779 1710 1811 decimetr.
1732 1783 1812 1811 Folia
1833 1784 1958 1814 carinam
1970 1809 1978 1822 ‚

362 1812 494 1851 margine
509 1824 611 1844 versus
623 1815 736 1854 apicem
749 1816 963 1855 subserrulata‚
986 1821 1004 1856 4
1018 1820 1180 1852 millimetr.
1201 1823 1264 1854 lata.
1286 1825 1389 1856 Flores
1403 1828 1572 1868 corymbosi
1586 1853 1595 1867 ‚
1618 1832 1793 1863 terminales.
1813 1834 1979 1866 Pedunculi

361 1868 464 1892 tenues
476 1887 486 1900 ‚
502 1865 711 1906 triangulares,
730 1878 804 1908 saepe
819 1869 1099 1911 sopradecompositi
1111 1884 1120 1911 ;
1134 1875 1279 1905 centrales
1296 1875 1459 1907 brevissimi
1480 1887 1529 1908 aut
1550 1881 1632 1911 nulli.
1652 1882 1780 1923 Spicula?
1796 1885 1925 1926 quinque
1940 1887 1976 1916 ad

361 1912 516 1944 duodecim
544 1916 574 1945 in
596 1917 699 1947 eodem
723 1920 892 1959 pedunculo
909 1944 919 1958 ‚
942 1921 1224 1963 lineari-subulam,
1245 1938 1436 1968 compressae,
1462 1931 1658 1971 ferruginem,
1680 1945 1689 1962 l
1714 1936 1875 1966 millimetr.
1893 1937 1975 1975 latre,

364 1964 457 1993 11-18
474 1965 587 2006 longae,
606 1975 686 1997 arcte
703 1969 870 2001 imbricatae.
889 1972 1081 2003 Involuerum
1098 1976 1367 2019 subtetraphyllum
1379 2002 1388 2016 ‚
1406 1980 1511 2010 foliolis
1529 1984 1677 2013 nonnullis
1699 1985 1832 2024 panicula
1856 1987 1973 2028 longio-

361 2013 451 2043 ribus.
467 2016 560 2046 Radix
574 2017 691 2048 odorata
704 2043 713 2057 ‚
731 2031 833 2061 sapore
846 2033 960 2061 amaru,
977 2034 1037 2054 non
1049 2026 1122 2056 nihil
1136 2028 1266 2059 resinoso
1276 2053 1285 2068 ‚
1298 2041 1357 2060 non
1369 2031 1473 2062 edulis.
1483 2033 1603 2075 Species
1618 2046 1632 2063 a
1648 2036 1831 2076 praecedente
1848 2038 1972 2069 distinc-

362 2069 474 2094 llsslmss.

398 2115 520 2145 Habitat
539 2117 575 2145 ab
595 2118 714 2149 rivulos.
771 2145 777 2150 .

398 2164 467 2204 Pag.
478 2168 509 2195 51
523 2189 531 2203 ‚
545 2167 650 2209 Scir-po
662 2129 774 2208 aunulg,
789 2172 874 2201 adde
887 2183 950 2214 syn.
961 2177 1110 2216 sequentia
1120 2179 1174 2210 .Sc.
1183 2180 1391 2212 biumbellatus
1407 2184 1514 2215 Fonsx.
1527 2185 1701 2229 FLAEgypt.
1716 2189 1750 2220 15
1762 2196 1792 2220 et
1804 2190 1850 2221 Se.
1863 2189 1967 2221 dicho-

361 2220 456 2244 tomus
470 2218 534 2246 Lm.
556 2229 632 2259 spec.
655 2223 701 2260 74.
719 2223 813 2252 ΒοτΒ.
827 2225 935 2265 Cyper.
950 2227 985 2266 57
997 2250 1006 2264 ‚
1023 2234 1042 2257 t.
1061 2230 1105 2259 13.
1125 2231 1145 2259 f.
1165 2242 1188 2260 1.
1202 2233 1300 2262 Vaut„
1312 2234 1416 2274 Syml).
1434 2247 1442 2265 ι
1458 2256 1467 2275 ,
1483 2248 1512 2278 p.
1525 2236 1553 2267 8.

397 2267 464 2306 l'ag.
484 2269 520 2297 53
535 2292 543 2305 ‚
561 2267 609 2299 lin.
625 2282 662 2300 ⁴22
674 2295 682 2308 ‚
702 2272 845 2302 deleatur
862 2276 1065 2308 Tournefortii
1077 2290 1140 2321 syn.
1155 2282 1293 2322 primum.

397 2316 465 2356 Pag.
480 2319 536 2356 55,
560 2321 687 2351 Phalaris
707 2323 828 2353 bulbosa
852 2326 882 2355 in
899 2327 944 2357 Fl,
958 2328 1101 2360 Atlantica
1122 2333 1267 2374 descripta
1288 2343 1330 2365 est
1344 2337 1471 2368 Phalaris
1490 2339 1605 2379 miuor3
1626 2340 1759 2380 panicula
1783 2341 1943 2381 spiciformi
1956 2366 1965 2381 ‚

356 2374 435 2396 ovata
446 2377 456 2406 ;
468 2368 616 2409 calycihus
625 2373 757 2403 carinatis
768 2398 776 2411 ‚
789 2376 892 2416 nudis;
908 2380 1038 2410 nectario
1051 2382 1188 2415 solitario.
1201 2384 1286 2416 ReTz
1297 2410 1306 2424 ,
1319 2388 1391 2418 Obs.
1404 2391 1420 2420 3
1431 2413 1439 2427 ‚
1454 2402 1482 2431 p.
1491 2393 1518 2421 8.
1537 2393 1649 2431 Itaque
1658 2392 1800 2422 deleatur
1812 2400 1840 2423 et
1854 2404 1963 2425 nomeu

355 2423 383 2445 et
399 2428 462 2458 syn.
479 2420 589 2450 Linnaei
606 2422 787 2465 aliorumque
803 2434 965 2459 auctorum.

395 2470 420 2497 A
434 2469 585 2501 Phalaride
600 2474 713 2504 minore
726 2477 819 2506 Retzii
831 2501 839 2515 ,
853 2479 1041 2522 excludsyn.
1057 2483 1258 2518 Blnnnttmm
1268 2512 1277 2526 ,
1290 2494 1310 2520 t.
1325 2500 1397 2530 700,
1411 2491 1430 2520 f.
1449 2502 1457 2520 1
1472 2515 1479 2528 ‚
1495 2492 1617 2522 etetiam
1629 2494 1800 2524 Buxssamun
1810 2518 1818 2532 ‚
1829 2496 1913 2525 Cent.
1925 2497 1940 2532 4
1952 2519 1962 2533 ,

354 2529 381 2558 p.
397 2520 452 2556 50,
472 2527 490 2549 t.
506 2523 542 2551 53
555 2546 563 2559 ‚
584 2534 646 2563 quae
664 2525 699 2554 ad
716 2528 826 2566 species
839 2529 964 2560 diversas
978 2539 1006 2561 et
1020 2533 1097 2563 inter
1109 2546 1139 2566 se
1156 2538 1305 2571 distinctas
1319 2542 1490 2583 pertinent,
1509 2554 1637 2586 quasque
1654 2555 1756 2576 omncs
1772 2546 1801 2575 in
1826 2545 1962 2576 herbario

354 2569 494 2607 possideo.
514 2573 545 2602 P.
560 2573 658 2604 minor
672 2575 806 2608 distincta
822 2590 835 2608 a
852 2581 882 2609 P.
896 2582 1024 2622 aquatica
1041 2585 1104 2615 Lm.
