2259 3196
411 256 437 310 ij
945 255 1529 296 PRAEFATIO.

389 401 391 403 ,
411 359 522 399 mari
543 358 729 399 vicinior
751 356 1062 411 pulcherrimis
1087 359 1301 400 Olearum
1327 361 1423 400 satis
1447 358 1669 407 ditissima,
1690 358 1840 414 ibique
1862 360 2067 416 frequen-

412 433 580 473 tissimae
620 441 865 471 occurrunt
899 431 1089 473 civitates
1126 444 1166 474 et
1203 433 1302 488 pagi
1338 433 1565 488 populosi.
1613 432 1750 487 Regio
1786 444 1932 474 autem
1971 449 2065 489 quse

412 508 594 545 omnino
623 505 677 544 ad
709 505 988 545 occidentem
1017 507 1178 560 vergit,
1203 507 1427 547 montibus
1452 506 1730 560 collibusque
1754 505 1936 554 referta,
1962 508 2063 548 rivis

413 591 453 619 et
479 579 624 618 rivulis
650 579 822 633 irrigata
844 612 852 625 ‚
880 580 1081 620 omnium
1111 578 1376 620 feracissima
1405 593 1564 621 messes
1595 580 1828 635 quotannis
1855 579 2062 635 pulcher-

412 654 542 693 rimas
575 652 721 706 gignit.

473 771 569 809 SAL
612 769 830 809 marinum
872 782 973 809 cum
1016 769 1130 810 terra
1171 770 1286 811 tanta
1325 771 1566 826 quantitate
1609 771 1798 812 mixtum
1837 780 1885 811 ut
1926 769 2067 812 fontes

409 856 624 897 aquarum
659 843 855 882 dulcium
891 843 1020 897 longe
1054 843 1423 898 infrequentiores
1455 859 1589 900 quam
1627 845 1723 885 salsi
1760 878 1768 892 ,
1816 855 1857 884 et
1889 844 2068 885 nitraria

409 917 619 957 naturalia
640 931 731 956 non
749 917 906 957 desunt
925 917 1054 956 etiam
1075 918 1462 960 abundantissima.
1485 920 1636 960 Solum
1653 919 1903 973 Algeriense
1922 919 2069 959 minus

409 1004 644 1030 arenosum
660 1024 669 1037 Ἰ
689 991 721 1029 si
743 991 968 1044 regionem
991 992 1164 1031 deserto
1189 992 1512 1032 conterminam
1535 991 1748 1045 excipias,
1771 991 1900 1045 longe
1923 989 2067 1031 adhuc

409 1063 625 1111 fertiliu53
667 1075 838 1105 montes
877 1065 1050 1105 altiores
1088 1076 1187 1105 sunt
1227 1075 1269 1105 et
1308 1064 1634 1105 numerosiores
1661 1098 1669 1111 ,
1706 1064 1863 1118 pluviae
1909 1062 2068 1117 majori

407 1136 675 1177 abundantia
713 1139 875 1178 cadunt
897 1172 906 1185 ,
945 1152 1159 1193 aquarum
1197 1139 1478 1193 scaturigines
1515 1150 1558 1179 et
1596 1138 1678 1178 rivi
1716 1137 2036 1192 frequentiores
2058 1170 2067 1185 ,

409 1212 571 1251 coelum
608 1212 740 1265 magis
773 1223 1067 1267 temperatum
1090 1246 1099 1259 ,
1132 1212 1323 1266 indeque
1347 1210 1491 1265 major
1514 1213 1765 1266 plantarum
1788 1224 2014 1251 numerus.

469 1327 745 1368 ATLANTICI
779 1339 950 1368 montes
973 1328 1018 1368 in
1042 1328 1152 1369 duos
1179 1337 1341 1369 tractus
1363 1328 1614 1384 praecipuos
1639 1328 1896 1369 dividuntur
1917 1360 1926 1374 ‚
1960 1340 2070 1380 quo-

408 1415 508 1441 rum
541 1414 655 1442 unus
689 1401 863 1442 deserto
897 1402 1198 1442 conterminus
1231 1402 1350 1442 Atlas
1385 1416 1623 1457 magnum,
1659 1403 1768 1442 alter
1797 1401 1910 1441 mari
1934 1400 2071 1440 Medi-

408 1486 611 1515 terraneo
645 1475 813 1515 vicinus
846 1476 964 1516 Atlas
1006 1489 1191 1531 parvum
1230 1476 1512 1530 appellatur3
1550 1477 1755 1531 parallele
1790 1485 1977 1515 currunt
2014 1473 2068 1514 ab

410 1549 577 1588 oriente
603 1548 647 1587 in
681 1548 990 1588 occidentem:
1026 1549 1139 1589 inter
1173 1560 1416 1601 utrumque
1451 1549 1644 1601 plurima
1669 1548 1777 1603 juga
1812 1547 2072 1588 intermedia

409 1633 450 1662 et
476 1622 607 1662 valles
639 1620 892 1661 fluminibus
924 1621 1114 1675 rivisque
1149 1620 1296 1660 multis
1331 1620 1529 1660 irroratae
1560 1632 1601 1661 et
1631 1620 1918 1661 fertilissimae.

472 1739 680 1778 MONTES
702 1737 876 1777 nimbos
898 1752 920 1777 a
943 1738 1244 1792 septentrione
1267 1739 1536 1793 appellantes
1556 1738 1725 1786 sistunt7
1747 1737 1821 1791 qui
1840 1737 1884 1777 in
1910 1750 2067 1777 eorum
2122 1766 2124 1769 -

406 1811 732 1853 summitatibus
767 1812 1021 1852 condensati
1043 1845 1051 1859 ⁷
1086 1812 1129 1851 in
1162 1811 1326 1866 pluvias
1361 1813 1672 1860 resolvuntur3
1707 1812 1810 1851 inde
1842 1825 1971 1851 causa
2005 1822 2064 1852 est

411 1900 490 1926 cur
512 1886 728 1926 rarissime
752 1886 795 1924 in
819 1886 989 1926 deserto
1017 1887 1242 1932 decidant„
1271 1887 1378 1926 dum
1402 1901 1425 1926 e
1450 1897 1603 1926 contra
1625 1886 1669 1925 in
1692 1885 1870 1939 regione
1895 1896 2063 1939 septen-

410 1960 584 2000 trionali
633 1959 912 1999 creberrimae
965 1971 1005 2000 et
1052 1961 1452 2001 abundantissimae.
1523 1960 1744 2000 Montium
1794 1959 2069 1998 altitudinem

411 2047 771 2073 commensurare
812 2047 903 2072 non
945 2034 1095 2074 datum
1138 2044 1232 2079 est,
1280 2033 1355 2073 sed
1393 2031 1502 2071 nulli
1546 2032 1591 2071 in
1632 2031 1873 2085 Algeriensi
1931 2044 2067 2085 regno

411 2105 582 2146 nivibus
609 2117 751 2146 aestate
779 2105 1049 2159 obteguntur
1079 2118 1119 2147 et
1147 2106 1319 2146 altiores
1337 2106 1407 2146 vix
1429 2105 1473 2145 ni
1498 2105 1626 2145 fallor
1646 2116 1763 2154 2400
1782 2114 1909 2144 metr.
1937 2117 2069 2159 supra

412 2194 532 2219 mare
576 2180 800 2219 elevantur
833 2194 841 2218 z
879 2179 923 2219 in
961 2179 1120 2219 vicinio
1161 2180 1319 2220 deserti
1362 2179 1567 2220 sicciores
1607 2190 1649 2219 et
1691 2179 1832 2218 minus
1871 2178 2066 2226 fertiles;

411 2252 455 2292 hi
492 2267 596 2293 vero
631 2253 706 2307 qui
744 2253 798 2292 ad
836 2253 1181 2306 septentrionem
1217 2253 1349 2307 positi
1389 2253 1641 2293 feracissimi
1682 2265 1723 2294 et
1762 2253 1885 2306 sylvis
1922 2253 2065 2292 densis

414 2326 683 2366 obumbrati.
728 2328 777 2365 ln
813 2326 877 2366 his
912 2326 1065 2380 magna
1104 2325 1233 2380 copia
1264 2336 1467 2366 crescunt
1494 2326 1622 2365 Pinus
1650 2326 1841 2380 alepica‚
1866 2327 2070 2380 Quercus

415 2398 576 2443 suber„
612 2399 670 2452 Q
706 2398 1029 2451 pseudo-suber
1066 2399 1125 2454 Q.
1161 2398 1245 2438 ilex
1280 2399 1340 2453 Q.
1375 2399 1607 2439 coccifera.
1657 2401 1716 2455 Q.
1753 2399 1914 2439 ballota
1948 2396 2070 2451 cujus

413 2471 586 2525 glandes
606 2470 759 2510 incolis
786 2471 955 2511 facilem
977 2473 1141 2512 victum
1162 2473 1361 2527 praebent
1376 2507 1384 2521 ,
1408 2473 1586 2513 Pistacia
1606 2473 1810 2513 lentiscus
1834 2505 1842 2519 ,
1869 2472 1912 2510 Ρ.
1927 2471 2071 2510 Atlan-

415 2543 497 2584 tica
519 2577 527 2589 ,
547 2543 691 2583 Thuia
729 2544 954 2584 articulata
975 2578 984 2591 ,
1022 2545 1137 2586 Rhus
1172 2545 1505 2601 pentaphyllum
1528 2581 1537 2594 ,
1564 2547 1808 2602 Cupressus
1845 2557 1990 2584 ramos
2024 2544 2067 2582 in

415 2628 576 2658 metam
613 2617 842 2672 fastigiatos
876 2619 930 2660 ad
965 2620 1124 2661 coelum
1148 2620 1346 2661 attollens
1369 2653 1378 2669 ,
1416 2622 1528 2663 Olea
1548 2620 1756 2675 sylvestris
1780 2631 1876 2674 quae
1900 2617 2067 2658 fructus
