2259 3196
725 246 1314 292 PRAEFATIO.
1807 244 1848 297 iij

199 371 355 418 sponte
396 359 587 415 optimos
625 357 739 412 parit
771 389 780 403 ,
823 353 1067 409 Juniperus
1108 350 1370 395 Phoenicea‚
1409 348 1609 402 MyrtuS,
1649 333 1850 386 Arbutus

197 437 345 477 unedo
370 434 512 475 baccis
539 444 667 473 suave
691 428 951 470 rubentibus
979 439 1020 466 et
1044 426 1221 478 Fragam
1255 422 1561 462 aemulantibus
1587 420 1848 475 conspicua7

198 510 322 550 Erica
341 510 527 549 arborea
545 493 732 546 odorem
751 502 1051 544 suavissimum
1071 499 1154 538 late
1174 511 1393 552 spargens,
1410 498 1553 536 Cistus
1570 496 1848 536 ladaniferus.

196 586 380 625 Nerium
401 582 610 623 oleander
630 575 1029 633 frequentissimum
1052 572 1159 613 locis
1183 570 1491 617 humentibus,
1521 581 1562 610 et
1579 580 1720 610 aestate
1744 570 1851 609 dum

198 659 288 698 aliae
331 669 481 696 omnes
517 655 675 709 plantae
711 651 809 692 solis
844 648 1058 690 aestuantis
1093 647 1250 686 ardore
1286 655 1532 685 exuruntur
1553 678 1561 691 ,
1597 646 1692 684 laete
1727 642 1853 682 floret

199 742 238 770 et
272 745 294 770 a
332 742 505 769 summo
542 726 761 766 montium
803 723 1032 764 cacumine
1069 733 1206 774 usque
1245 719 1288 758 in
1323 719 1450 758 valles
1491 717 1850 772 profundissimas

198 805 348 843 colore
376 800 640 841 vividissimo
664 799 909 839 rivulorum
933 796 1252 848 fluminumque
1277 794 1391 847 ripas
1417 803 1458 833 et
1481 791 1670 832 ambitus
1695 789 1846 844 pingit.

255 907 379 945 SAXA
403 905 550 945 omnia
577 917 671 958 quae
701 901 927 943 observavi
955 898 1152 939 calcaria.
1196 898 1244 936 In
1270 896 1494 936 montibus
1521 894 1783 935 benemultis
1811 902 1851 932 et

195 981 322 1021 etiam
347 981 518 1019 deserto
542 978 692 1018 vicinis
711 1011 720 1023 ,
746 977 965 1030 longeque
990 987 1012 1013 a
1036 985 1155 1012 mare
1177 969 1434 1010 distantibus
1451 1003 1459 1015 ,
1485 970 1715 1008 immensas
1740 980 1847 1006 con-

196 1054 441 1107 chyliorum
472 1052 746 1092 marinorum
789 1047 1015 1102 congeries
1055 1046 1213 1086 detexi.
1261 1044 1432 1084 Minera
1474 1044 1576 1083 ferri
1613 1057 1635 1082 a
1678 1053 1847 1081 torren-

194 1127 307 1167 tibus
331 1126 561 1181 pervoluta
581 1138 671 1164 non
700 1137 799 1164 raro
826 1122 1123 1176 reperiuntur.
1168 1117 1351 1157 Fodinas
1384 1115 1558 1170 plumbi
1592 1115 1818 1154 ditissimas
1840 1147 1847 1159 Ἴ

192 1199 361 1239 incuria
396 1211 436 1238 et
467 1197 711 1252 ignorantia
746 1198 1009 1236 Maurorum
1042 1205 1221 1248 prorsus
1254 1191 1471 1244 neglectas
1506 1200 1647 1244 prope
1679 1189 1849 1227 Mascar

193 1273 300 1319 vidi,
319 1286 398 1312 nec
421 1286 596 1326 cupreae
617 1273 746 1312 etiam
766 1272 809 1311 in
829 1285 878 1311 ea
896 1268 1072 1322 regione
1092 1277 1133 1306 et
1151 1265 1239 1304 aliis
1259 1265 1429 1304 desunt.
1455 1264 1597 1316 Aquae
1619 1261 1850 1302 thermales

192 1347 393 1401 plurimae
414 1356 454 1385 et
473 1346 674 1398 quaedam
700 1344 966 1385 calidissimae
980 1375 989 1389 7
1011 1339 1161 1394 quales
1180 1348 1278 1377 sunt
1297 1351 1394 1391 quae
1414 1337 1587 1376 Hamam
1606 1334 1849 1375 Mz'scroutz'n

193 1420 470 1473 appellantur
492 1451 500 1465 ,
526 1417 580 1457 ab
600 1418 711 1457 urbe
731 1420 850 1456 Bone
874 1430 963 1455 non
985 1415 1114 1467 longe
1134 1412 1336 1450 distantes
1358 1427 1367 1458 ;
1393 1410 1458 1450 hae
1479 1409 1847 1451 thermometrum

193 1492 444 1534 Reaumurii
467 1504 605 1544 usque
628 1491 682 1530 ad
701 1492 858 1545 gradus
883 1503 932 1543 77
960 1490 1142 1528 elevant.

256 1599 432 1638 TERRAE
463 1607 609 1636 motus
642 1609 731 1634 non
758 1593 1055 1647 infrequentes
1087 1592 1132 1631 in
1166 1602 1301 1644 regno
1325 1586 1591 1641 Algeriensi,
1634 1596 1675 1624 et
1709 1597 1851 1638 prope

194 1673 318 1712 Oran
351 1684 449 1710 saxa
483 1683 643 1724 porosa
678 1669 911 1708 innumera
944 1664 1130 1720 antiquis
1168 1660 1424 1705 volcanibus
1464 1670 1658 1700 eructata
1699 1657 1847 1698 obser-

194 1756 363 1787 VantUI'.

255 1849 343 1887 FLU
354 1856 480 1886 ΜΙΝΑ
514 1845 603 1886 fere
627 1844 775 1884 omnia
805 1857 828 1883 a
853 1840 1037 1881 meridie
1061 1838 1114 1878 ad
1136 1835 1483 1891 septentrionem
1508 1834 1649 1874 fluunt
1673 1844 1713 1873 et
1737 1834 1850 1874 intra

193 1933 362 1962 montes
386 1921 500 1961 viam
523 1915 927 1974 peregrinatoribus
951 1913 1165 1968 pandunt.
1196 1909 1362 1950 Schclif
1380 1910 1425 1948 in
1448 1922 1586 1962 regno
1606 1906 1848 1962 Algeriensi

195 2008 237 2036 et
275 1993 515 2048 Megerdah
552 1993 595 2032 in
631 2005 770 2046 regno
800 1991 1038 2030 Tunetano
1076 1985 1278 2026 omnium
1317 1983 1496 2023 maximi
1523 2016 1532 2029 ,
1578 1996 1660 2022 nec
1704 1991 1849 2021 tamen

194 2078 333 2109 aestate
368 2066 646 2120 navigabiles.

254 2180 507 2217 BARBARIAE
538 2173 770 2228 temperies
801 2173 939 2212 calida
968 2171 1042 2211 sed
1071 2169 1255 2210 salubris
1278 2179 1318 2208 et
1342 2166 1579 2221 gratissima
1603 2165 1647 2205 in
1670 2165 1848 2217 regione

196 2249 539 2305 septentrionali.
558 2250 721 2301 Hyems
741 2247 878 2287 dulcis
895 2246 1028 2285 Primi
1041 2245 1168 2284 Veris
1190 2242 1319 2283 refert
1340 2238 1846 2295 imaginem.Amygdali,

197 2324 354 2370 Pruni,
387 2323 565 2363 Persica:
593 2357 601 2370 ,
639 2321 917 2362 Armeniacae
954 2320 1110 2360 florent
1138 2353 1145 2365 ,
1185 2316 1333 2357 herbae
1367 2316 1588 2356 virescunt
1623 2323 1665 2352 et
1704 2311 1850 2365 campi

196 2396 437 2436 innumeris
456 2396 679 2436 luxuriant
698 2394 896 2434 floribus.
922 2392 1177 2433 Reaumurii
1198 2390 1571 2430 thermometrum
1594 2386 1648 2425 ad
1675 2384 1848 2424 10-—15

196 2469 352 2524 gradus
388 2481 519 2523 supra
554 2468 921 2521 congellationem
966 2467 1173 2506 elevatur.
1236 2465 1388 2503 Mense
1422 2461 1655 2502 Brumario
1693 2460 1849 2499 cadere

194 2542 411 2597 incipiunt
449 2541 611 2581 imbres
647 2541 723 2595 qui
759 2554 840 2595 per
877 2541 1102 2581 intervalla
1151 2549 1338 2594 pergunt
1379 2550 1518 2590 usque
1561 2535 1615 2575 ad
1655 2546 1849 2573 mensem

199 2615 442 2656 Florealem
466 2631 474 2662 3
502 2628 590 2669 quo
628 2613 971 2655 abundantiores
1006 2625 1135 2661 sunt,
1170 2606 1233 2653 εό
1258 2624 1354 2666 spes
1388 2609 1598 2650 ubertatis
1635 2605 1777 2660 major
1812 2616 1851 2644 et
