2259 3196
443 244 998 283 EXPLICATIO

484 343 688 382 Tab.35.

191 440 200 458 t
230 428 360 460 Semen.
377 438 390 458 2
404 427 565 458 Pistillurn
579 437 652 456 curn
663 422 788 454 duabus
799 422 986 463 squamulis.

231 485 246 514 3
262 485 364 525 Caly-x
383 483 516 513 interior
528 480 786 520 uniglumiscttm
800 477 987 508 staminibus

228 549 259 571 et
274 540 373 570 tribus
389 539 487 569 aristis
503 535 666 577 plumosis.
688 544 707 572 4
721 534 822 575 Calyx
837 534 982 565 exterior.

485 615 587 653 Tab.
622 613 687 650 36.

187 711 198 730 ι
228 699 342 730 Rachis
378 696 510 727 floribus
553 695 726 725 denudata.
770 704 784 723 2
810 692 982 724 Pistillum.

225 756 241 785 3
260 756 387 785 Stamen
403 763 520 783 unum.
541 760 556 789 4
573 749 674 791 Calyx
690 749 832 778 interior.
849 749 864 777 5
883 748 986 789 Calyx

226 810 374 839 exterior.
397 809 414 837 6
429 807 504 837 Flos
523 807 651 847 integer
664 814 777 847 patens
791 815 862 835 cum
877 805 983 834 stami-

227 863 324 893 nibus
346 870 378 893 et
400 861 531 903 pistillo.

486 939 585 977 Tab.
616 940 680 985 37.

186 1035 197 1054 1
214 1022 322 1054 Flores
336 1023 429 1054 terni.
447 1032 460 1052 2
474 1021 548 1052 Flos
562 1031 646 1050 unus
658 1020 795 1051 lateralis
811 1019 981 1050 masculus.

228 1081 244 1110 3
262 1079 363 1120 Calyx
375 1079 512 1107 interior
525 1075 670 1115 ejusdem
685 1073 770 1105 floris
783 1083 895 1115 patens
909 1086 981 1104 curn

226 1131 425 1162 staminibus.
444 1140 462 1168 4
476 1130 549 1160 Flos
563 1127 718 1159 centralis.
746 1129 760 1156 5
780 1128 882 1170 Calyx
898 1128 980 1158 inte-

224 1181 289 1210 rior
301 1179 386 1209 floris
399 1178 544 1209 centralis
558 1186 674 1219 patens
687 1188 759 1206 cum
775 1176 981 1211 staminibus,

224 1234 342 1276 pistillo
365 1243 396 1264 et
411 1232 504 1264 arista
520 1244 557 1264 ex
572 1233 662 1273 apice
680 1231 798 1273 glumoe
817 1231 981 1263 exterioris

223 1289 418 1331 prodeunte.

478 1343 579 1381 Tab.
611 1343 676 1382 38.

184 1438 196 1456 1
219 1426 385 1456 Flosculus
400 1424 582 1465 marginalis
605 1435 678 1454 cum
694 1424 897 1460 staminibus.
913 1435 978 1466 ger-

224 1483 312 1511 mine
337 1490 368 1512 et
388 1491 507 1522 pappo.
539 1492 553 1511 2
573 1479 742 1510 Pistillum.
775 1481 790 1510 3
811 1479 979 1511 Flosculus

224 1534 379 1566 centralis.
399 1544 416 1572 4
428 1534 546 1564 Semen
559 1534 773 1574 marginatum
787 1545 860 1564 cum
873 1535 980 1577 calyce

224 1589 370 1620 interiori
390 1590 658 1630 quinquesetOSO.

425 1667 527 1704 Tab.
550 1667 614 1716 39.
648 1668 674 1704 f.
703 1680 736 1705 1.

185 1762 194 1781 1
217 1750 335 1781 Sernen
349 1760 421 1779 cum
439 1748 560 1779 duabus
577 1750 717 1790 squamis
731 1758 761 1782 et
773 1760 883 1792 pappo
898 1751 979 1782 latis-

222 1805 304 1834 simo
324 1803 581 1844 campaniformi.

414 1882 517 1920 Tab.
544 1882 608 1930 39.
653 1883 680 1919 f.
706 1894 743 1921 2.

183 1975 196 1994 1
224 1963 363 2005 Capsula
390 1963 614 1993 circumscissa.
650 1975 661 1993 1
687 1962 827 2005 Capsula
854 1963 979 2003 integra

224 2030 296 2048 curn
314 2017 405 2059 stylo.
428 2019 444 2048 3
464 2017 597 2048 Corolla
612 2028 683 2047 cum
697 2017 886 2047 staminibus
901 2028 977 2059 qua-

223 2081 305 2104 tuor.
330 2082 347 2110 4
366 2072 470 2114 Calyx
487 2083 558 2101 curn
575 2071 748 2112 squamulis
764 2070 888 2101 baseos.

415 2150 519 2187 Tab.
544 2150 608 2198 39.
652 2150 678 2187 f.
702 2150 739 2186 3.

185 2243 194 2260 1
223 2232 358 2274 Capsula
385 2232 608 2262 circumscissa.
643 2242 656 2261 2
681 2230 818 2271 capsula
842 2231 976 2273 integra.

224 2285 240 2313 3
253 2285 382 2315 Corolla
396 2295 467 2314 cum
481 2293 620 2325 quatuor
631 2283 830 2315 staminibus.
848 2294 865 2322 4
877 2284 977 2326 Calyx

224 2349 295 2368 cum
309 2338 472 2378 squamula
487 2339 610 2369 baseos.

478 2418 580 2454 Tab.
609 2430 673 2464 40.

185 2510 195 2527 1
218 2495 353 2527 Corolla
368 2495 451 2526 lente
468 2496 569 2527 vitreo
585 2507 683 2527 aucta.
708 2508 721 2527 ¹2
739 2498 876 2529 Corolla
892 2510 975 2541 mag-

224 2550 371 2580 nitudine
407 2551 556 2579 naturali.
598 2552 613 2579 3
642 2552 801 2581 Pistillum
837 2562 976 2585 auctum.

225 2615 243 2643 4
259 2605 417 2636 Pistillum
441 2606 578 2636 naturali
602 2607 840 2648 magnitudine.

375 2673 387 2696 l

1083 247 1619 284 TABULARUM.
1831 240 1880 286 ix

1378 345 1479 383 Tab.
1507 357 1572 393 41.

1079 446 1090 464 1
1111 435 1230 466 Semen
1244 447 1356 466 unum.
1374 448 1388 467 2
1402 438 1533 469 Semina
1547 447 1684 481 quatuor
1697 446 1873 481 aggregata.

1120 493 1135 521 3
1153 492 1327 522 Pistillum.
1349 502 1365 530 4
1383 494 1514 524 Corolla
1530 506 1637 535 aperta
1652 495 1874 536 longitudina-

1117 545 1188 577 liter
1212 558 1284 576 cum
1306 547 1498 577 staminibus
1520 549 1681 589 quinque.
1699 551 1713 578 5
1728 549 1873 581 Corolla.

1118 600 1135 628 6
1153 599 1258 642 Calyx
1274 601 1566 642 quinquepartitus.

1375 691 1477 728 Tab.
1507 704 1571 738 412.

1076 792 1087 810 1
1107 782 1226 813 Sernen
1243 794 1346 814 unum
1364 785 1580 816 denudatum.
1598 796 1612 816 2
1626 785 1764 817 Seminis
1780 787 1872 818 invo-

1114 835 1248 866 lucrum.
1269 838 1284 867 3
1305 838 1436 869 Semina
1460 848 1601 879 quatuor
1625 840 1775 869 echinata
1793 850 1874 870 non-

1113 890 1195 919 nihil
1209 892 1359 930 sejuncta.
1379 893 1538 931 4Semina
1563 903 1701 934 quatuor
1725 895 1875 936 approxi-

1112 954 1205 975 mata.
1219 947 1233 975 5
1247 947 1380 978 Corolla
1390 949 1874 990 longitudinaliterapertacum

1112 1001 1302 1032 staminibus
1330 1003 1474 1043 quinque
1503 1013 1534 1033 et
1564 1004 1701 1045 squamis
1734 1004 1872 1034 totidem

1113 1065 1205 1096 supra
1231 1056 1511 1087 incumbentibus.
1543 1059 1561 1087 6
1580 1058 1713 1088 Corolla
1734 1058 1870 1100 integra.

1114 1122 1127 1149 7
1149 1110 1253 1150 Calyx
1271 1111 1566 1152 quinquepartitus.

1370 1202 1472 1239 Tab.
1503 1202 1567 1247 43.

1072 1306 1083 1325 1
1101 1295 1202 1338 Calyx
1221 1295 1504 1338 quinquepartitus
1529 1306 1602 1324 cum
1624 1294 1707 1337 stylo
1730 1296 1872 1336 proemi-

1111 1360 1218 1382 nente.
1232 1362 1245 1381 ‘2
1258 1351 1399 1382 Corolla.
1414 1351 1430 1380 3
1443 1350 1871 1393 Corollalongitudinaliter

1110 1414 1218 1447 aperta
1242 1418 1314 1436 cum
1333 1406 1525 1437 staminibus
1547 1407 1704 1448 quinque.
1728 1417 1744 1446 4
1763 1408 1869 1439 Pistil-

1112 1460 1188 1491 lum.
1213 1462 1228 1490 5
1248 1460 1390 1492 Semina.

1370 1552 1473 1590 Tab.
1503 1565 1567 1599 44.

1072 1657 1083 1676 1
1100 1646 1201 1689 Calyx
1217 1657 1288 1678 cum
1307 1655 1449 1688 quatuor
1463 1646 1637 1677 seminibus
1653 1654 1684 1678 et
1699 1648 1780 1690 stylo
1795 1658 1866 1690 per-

1112 1702 1254 1731 sistente.
1280 1711 1294 1730 2
1312 1700 1486 1730 Pistillum.
1510 1701 1525 1730 3
1543 1700 1682 1731 Stamen.
1700 1710 1718 1740 4
1738 1701 1871 1733 Corolla

1112 1766 1186 1786 curn
1207 1755 1396 1786 staminibus
1422 1755 1580 1797 quinque.

1366 1845 1470 1882 Tab.
1499 1843 1563 1892 45.

1071 1949 1082 1968 1
1109 1937 1241 1968 Semina
1268 1936 1424 1967 distincta.
1455 1948 1468 1967 2
1491 1938 1620 1969 Semina
1645 1940 1870 1981 approximata

1111 2003 1183 2022 cum
1197 1991 1296 2033 stylo‘:
1311 1992 1327 2021 3
1342 1991 1472 2022 Corolla
1483 2002 1556 2022 cum
1569 1993 1760 2025 staminibus
1776 1995 1868 2036 quin-

1110 2057 1182 2087 que.
1205 2055 1223 2083 4
1239 2045 1341 2087 Calyx
1357 2046 1653 2087 quinquepartitus.

1368 2136 1470 2174 Tab.
1498 2138 1563 2183 46.

1071 2241 1082 2260 1
1104 2229 1204 2271 Calyx
1231 2230 1525 2272 quinquepartitus.
1559 2241 1572 2261 2
1591 2231 1735 2262 Corolla.
1764 2234 1779 2263 3
1797 2234 1865 2264 Pis-

1110 2283 1226 2315 tillum.

1367 2356 1468 2393 Tab.
1494 2367 1560 2402 47.

1072 2460 1081 2477 1
1104 2448 1205 2489 Calyx
1231 2447 1482 2489 quadripartitus
1506 2459 1579 2478 cum
1608 2449 1700 2490 stylo.
1731 2460 1745 2480 ‘2
1766 2451 1866 2493 Calyx

1109 2512 1182 2531 cum
1217 2500 1349 2530 corolla.
1384 2501 1399 2530 3
1426 2500 1558 2530 Corolla
1584 2501 1867 2542 longitudinaliter

1110 2556 1176 2586 fissa
1206 2567 1276 2585 cum
1307 2555 1497 2586 staminibus
1530 2557 1676 2598 quinque
1704 2567 1735 2589 et
1769 2559 1860 2599 stylo.

1112 2621 1130 2650 4
1147 2611 1286 2643 Stamen.
1312 2611 1326 2640 5
1343 2609 1514 2641 Pistillum.

1608 2663 1629 2684 ee
1652 2664 1673 2683 se
